=LDR  05452cas a2201177 a 4500
=001  013357615
=003  Uk
=005  20230930080808.0
=006  m\\\\\\\\d\\\\\\\\
=007  cr\cn\\\\\\\\\
=008  041025c20039999enkbx\pss\\\\\0\\\a0eng\c
=FMT  \\$a  SE
=010  \\$a2004262249
=015  \\$aGBA605202$2bnb
=022  0\$a1747-5570$202
=040  \\$aCGU$cCGU$dOCL$dUk
=042  \\$aissnuk$aukblsr
=050  14$aRM300
=082  04$a615.1$222
=130  0\$aJournal of drug evaluation (Online)
=210  0\$aJ. drug eval.$b(Online)
=222  \4$aThe journal of drug evaluation$b(Online)
=245  04$aThe journal of drug evaluation$h[electronic resource].
=246  10$aDrug evaluation
=260  \\$aBoca Raton ;$aLondon :$bParthenon,$c[2004]-
=260  3\$aAbingdon :$bTaylor & Francis.
=310  \\$aEight no. a year
=336  \\$atext$2rdacontent
=337  \\$acomputer$2rdamedia
=338  \\$aonline resource$2rdacarrier
=362  1\$aPrint began with: Vol. 1, no. 1 (2003).
=500  \\$aEach issue devoted to a single drug.
=500  \\$aDescription based on: Vol. 2, no. 1 (Jan. 2004); title from table of contents screen (MetaPress website, viewed on Oct. 22, 2004).
=500  \\$aLatest issue consulted: Vol. 2, no. 2 (Mar. 2004).
=530  \\$aAlso issued in print.
=538  \\$aMode of access: World Wide Web.
=580  \\$aOriginal print version of this title was a merger of: The journal of drug evaluation. Cardiovascular medicine, and: The journal of drug evaluation. Respiratory medicine, and: The journal of drug evaluation. Rheumatology, and: The journal of drug evaluation. Obstetrics and gynecology.
=540  \\$aCurrent copyright fee: GBP46.00$c2\0$5Uk
=650  \0$aDrugs$vPeriodicals.
=650  \0$aTherapeutics$vPeriodicals.
=776  1\$tJournal of drug evaluation$x1479-1137
=780  14$tThe journal of drug evaluation. Cardiovascular medicine
=780  14$tThe journal of drug evaluation. Respiratory medicine
=780  14$tThe journal of drug evaluation. Rheumatology
=780  14$tThe journal of drug evaluation. Obstetrics and gynecology
=856  \\$31850-9999$uhttp://informahealthcare.com$xBLDSS
=856  4\$uhttp://journalsonline.tandf.co.uk/app/home/journal.asp?wasp=06a1cbce6c6242779cfb246a12567eb2&referrer=parent&backto=linkingpublicationresults,1:110549,1
=945  \\$aJOURNAL OF DRUG EVALUATION.
=959  \\$fCurrently received
=979  \\$aBritish Library$bDSC$j4970.552500
=CAT  \\$a6550$b40$c20051211$lBLL01$h1134
=CAT  \\$aWR13.005$c20130323$lBLL01$h1335
=CAT  \\$aBATCH-CLA$c20131220$lBLL01$h2035
=CAT  \\$aIPL-CLA$c20131231$lBLL01$h2357
=CAT  \\$a5552$b40$c20140219$lBLL01$h1552
=CAT  \\$aWR14_140$c20140905$lBLL01$h1810
=CAT  \\$aBLDSS-3PM$b00$c20141121$lBLL01$h1802
=CAT  \\$a5552$b40$c20150209$lBLL01$h1435
=CAT  \\$aIPL-CLA$c20150331$lBLL01$h1642
=CAT  \\$aBATCH-UPD$b00$c20151119$lBLL01$h1559
=CAT  \\$aIPL-CLA$c20151231$lBLL01$h1923
=CAT  \\$aBATCH-UPD$b00$c20160524$lBLL01$h2148
=CAT  \\$aBATCH-UPD$b00$c20160524$lBLL01$h2158
=CAT  \\$aBATCH-UPD$b00$c20161122$lBLL01$h1538
=CAT  \\$aIPL-CLA$c20161230$lBLL01$h2150
=CAT  \\$a5552$b40$c20170216$lBLL01$h1523
=CAT  \\$aBATCH-UPD$b40$c20171121$lBLL01$h1718
=CAT  \\$aIPL-CLA$c20171231$lBLL01$h1649
=CAT  \\$aBATCH-UPD$b00$c20181217$lBLL01$h1705
=CAT  \\$aIPL-CLA$c20181231$lBLL01$h1543
=CAT  \\$aBATCH-UPD$b00$c20210126$lBLL01$h1323
=CAT  \\$aIPL-CLA$c20210126$lBLL01$h1447
=CAT  \\$aBATCH-UPD$b00$c20221121$lBLL01$h1423
=CAT  \\$aIPL-CLA$c20221231$lBLL01$h1447
=CAT  \\$aR2308-1440$c20230824$lBLL01$h0928
=CAT  \\$aIPL-CLA$c20230930$lBLL01$h0808
=CFI  0\$aCurrent copyright fee: GBP46.00$c2\0$e01-oct-2023$fGBP46.00$g0$hP$5Uk
=CFI  2\$aPrevious copyright fee: GBP46.00$c45\0$e01-jan-2023$fGBP46.00$g0$hP$5Uk
=EST  \\$a1
=FFP  \\$aY$bBLDSS-3PM
=FIN  \\$aY$d20051211
=MNI  \\$a1479-1137
=SID  \\$aZ39$bOCLC
=TCO  \\$aCLA$bCLA$c008
=TOC  \\$aETOC
=ACF  \\$aPrevious copyright fee: GBP9.00$c0$e01-apr-2010$fGBP9.00$g0$hA$5Uk
=ACF  \\$aPrevious copyright fee: GBP6.00$c0$e14-NOV-2008$fGBP6.00$g0$hA$5Uk
=ACF  \\$aCurrent copyright fee: GBP19.00$c2\0$e01-apr-2008$fGBP19.00$g0$hP$5Uk
=ACF  \\$aPrevious copyright fee: GBP20.00$c2\0$e01-jan-2007$fGBP20.00$g0$hP$5Uk
=ACF  \\$aPrevious copyright fee: GBP18.00$c2\0$e01-jan-2005$fGBP18.00$g0$hP$5Uk
=ACF  \\$aPrevious copyright fee: GBP10.50$c0$e01-jan-2011$fGBP10.50$g0$hA$5Uk
=ACF  \\$aPrevious Copyright Fee: GBP12.30$c0$e01-jan-2014$fGBP12.30$g0$hA$5Uk
=ACF  \\$aPrevious copyright fee: GBP12.00$c0$e01-jan-2012$fGBP12.00$g0$hA$5Uk
=ACF  \\$aPrevious copyright fee: GBP34.00$c45\0$e19-feb-2014$fGBP34.00$g0$hP$5Uk
=ACF  \\$aPrevious copyright fee: GBP33.00$c45\0$e01-apr-2015$fGBP33.00$g0$hP$5Uk
=ACF  \\$aPrevious copyright fee: GBP34.00$c45\0$e01-jan-2016$fGBP34.00$g0$hP$5Uk
=ACF  \\$aPrevious copyright fee: GBP36.00$c45\0$e01-jan-2017$fGBP36.00$g0$hP$5Uk
=ACF  \\$aPrevious copyright fee: GBP38.00$c45\0$e01-jan-2018$fGBP38.00$g0$hP$5Uk
=ACF  \\$aPrevious copyright fee: GBP40.00$c45\0$e01-jan-2019$fGBP40.00$g0$hP$5Uk
=ACF  \\$aPrevious copyright fee: GBP44.00$c45\0$e26-jan-2021$fGBP44.00$g0$hP$5Uk
=LAS  \\$aIPL-CLA$b00$c20230930$lBLL01$h0808

