=LDR  04903cas a2201117 a 4500
=001  013357858
=003  Uk
=005  20221231144704.0
=006  m\\\\\\\\d\\\\\\\\
=007  cr\|||||||||||
=008  050614d19922005enktr\pso\o\\\0\\\a0eng\d
=FMT  \\$a  SE
=015  \\$aGBA605298$2bnb
=022  0\$a1744-0556$y0966-2847$202
=040  \\$aOCLCS$cOCLCS$dUk
=042  \\$aukblsr$aissnuk
=050  \4$aJF195.C5$bL63
=082  04$a306.605$222
=130  0\$aLow intensity conflict & law enforcement (Online)
=222  \0$aLow intensity conflict and law enforcement$b(Online)
=245  10$aLow intensity conflict & law enforcement$h[electronic resource].
=246  30$aLow intensity conflict and law enforcement
=260  \\$aLondon :$bF. Cass
=260  3\$aAbingdon :$bRoutledge
=310  \\$aThree no. a year
=336  \\$atext$2rdacontent
=337  \\$acomputer$2rdamedia
=338  \\$aonline resource$2rdacarrier
=362  1\$aPrint began with v. 1, no. 1 (summer 1992).
=362  0\$a-volume 13, issue 3 (2005).
=500  \\$aDescription based on print version record.
=530  \\$aAlso issued in print.
=538  \\$aMode of access: World Wide Web.
=588  \\$aLatest issue consulted: volume 13, issue 3 (2005) (Taylor & Francis Online, viewed December 16, 2015).
=540  \\$aCurrent copyright fee: GBP37.00$c2\0$5Uk
=650  \0$aCivil-military relations$vPeriodicals.
=650  \0$aLow-intensity conflicts (Military science)$vPeriodicals.
=650  \0$aInternal security$vPeriodicals.
=650  \0$aTerrorism$vPeriodicals.
=776  1\$tLow intensity conflict and law enforcement$x0966-2847
=785  04$tSmall wars & insurgencies$x1743-9558
=856  \\$31850-9999$uhttp://www.tandfonline.com/$xBLDSS
=856  40$uhttp://www.tandfonline.com/loi/flic20
=945  \\$aLOW INTENSITY CONFLICT AND LAW ENFORCEMENT.
=979  \\$aBritish Library$bDSC$j5296.459200
=CAT  \\$a7332$b40$c20051212$lBLL01$h1007
=CAT  \\$aWR13.005$c20130323$lBLL01$h1335
=CAT  \\$aBATCH-UPD$b00$c20131119$lBLL01$h2000
=CAT  \\$aIPL-CLA$c20131231$lBLL01$h2357
=CAT  \\$aWR14_140$c20140905$lBLL01$h1810
=CAT  \\$aBATCH-UPD$b00$c20141124$lBLL01$h1803
=CAT  \\$aBLDSS-3PM$b00$c20141130$lBLL01$h1249
=CAT  \\$aIPL-CLA$c20141231$lBLL01$h1653
=CAT  \\$aBATCH-UPD$b00$c20151119$lBLL01$h1543
=CAT  \\$a11316$b40$c20151216$lBLL01$h1206
=CAT  \\$aIPL-CLA$c20151231$lBLL01$h1923
=CAT  \\$aBATCH-UPD$b00$c20161122$lBLL01$h1512
=CAT  \\$aBATCH-UPD$b00$c20161122$lBLL01$h1614
=CAT  \\$a10806$b40$c20161129$lBLL01$h1401
=CAT  \\$aIPL-CLA$c20161230$lBLL01$h2150
=CAT  \\$a5552$b40$c20170329$lBLL01$h1546
=CAT  \\$aBATCH-UPD$b40$c20171121$lBLL01$h1647
=CAT  \\$aIPL-CLA$c20171231$lBLL01$h1649
=CAT  \\$aBATCH-UPD$b00$c20181217$lBLL01$h1638
=CAT  \\$aIPL-CLA$c20181231$lBLL01$h1543
=CAT  \\$aBATCH-UPD$b00$c20191122$lBLL01$h1900
=CAT  \\$aIPL-CLA$c20191231$lBLL01$h1937
=CAT  \\$aBATCH-UPD$b00$c20201118$lBLL01$h1334
=CAT  \\$aIPL-CLA$c20201231$lBLL01$h1529
=CAT  \\$aBATCH-UPD$b00$c20221121$lBLL01$h1347
=CAT  \\$aIPL-CLA$c20221231$lBLL01$h1447
=CFI  0\$aCurrent copyright fee: GBP37.00$c2\0$e01-jan-2023$fGBP37.00$g0$hP$5Uk
=CFI  2\$aPrevious copyright fee: GBP35.00$c2\0$e01-jan-2021$fGBP35.00$g0$hP$5Uk
=EST  \\$a1
=FFP  \\$aY$bBLDSS-3PM
=FIN  \\$aY$d20051212
=MNI  \\$a0966-2847
=SID  \\$aZ39$bOCLC
=TCO  \\$aCLA$bCLA$c008
=TOC  \\$aETOC
=ACF  \\$aPrevious copyright fee: GBP17.00$c2\0$e01-jan-2010$fGBP17.00$g0$hP$5Uk
=ACF  \\$aPrevious copyright fee: GBP16.00$c2\0$e01-jan-2009$fGBP16.00$g0$hP$5Uk
=ACF  \\$aPrevious copyright fee: GBP15.00$c2\0$e01-apr-2008$fGBP15.00$g0$hP$5Uk
=ACF  \\$aPrevious copyright fee: GBP16.00$c2\0$e01-jan-2007$fGBP16.00$g0$hP$5Uk
=ACF  \\$aPrevious copyright fee: GBP13.00$c2\0$e01-jan-2005$fGBP13.00$g0$hP$5Uk
=ACF  \\$aPrevious copyright fee: GBP21.00$c2\0$e01-jan-2011$fGBP21.00$g0$hP$5Uk
=ACF  \\$aPrevious copyright fee: GBP23.00$c2\0$e01-jan-2012$fGBP23.00$g0$hP$5Uk
=ACF  \\$aPrevious copyright fee: GBP23.50$c2\0$e01-jan-2013$fGBP23.50$g0$hP$5Uk
=ACF  \\$aPrevious copyright fee: GBP24.00$c2\0$e01-jan-2014$fGBP24.00$g0$hP$5Uk
=ACF  \\$aPrevious copyright fee: GBP25.00$c2\0$e01-jan-2015$fGBP25.00$g0$hP$5Uk
=ACF  \\$aPrevious copyright fee: GBP26.00$c2\0$e01-jan-2016$fGBP26.00$g0$hP$5Uk
=ACF  \\$aPrevious copyright fee: GBP28.00$c2\0$e01-jan-2017$fGBP28.00$g0$hP$5Uk
=ACF  \\$aPrevious copyright fee: GBP30.00$c2\0$e01-jan-2018$fGBP30.00$g0$hP$5Uk
=ACF  \\$aPrevious copyright fee: GBP32.00$c2\0$e01-jan-2019$fGBP32.00$g0$hP$5Uk
=ACF  \\$aPrevious copyright fee: GBP34.00$c2\0$e01-jan-2020$fGBP34.00$g0$hP$5Uk
=LAS  \\$aIPL-CLA$b00$c20221231$lBLL01$h1447

