=LDR  01963cas a22005417i 4500
=001  020239579
=003  Uk
=005  20221231145522.0
=006  m\\\\\\\\d\\\\\\\\
=007  cr||||||||||||
=008  210628c20229999nyu\x\p\o\\\\\0\\\a0eng\\
=FMT  \\$a  SE
=022  0\$a2731-0590$202
=040  \\$aUk$beng$cUk$erda
=042  \\$aissnuk
=082  04$a616.1$223
=210  0\$aNat. cardiovasc. res.
=222  \0$aNature cardiovascular research
=245  00$aNature cardiovascular research.
=264  \1$aNew York, NY :$bNature Portfolio$c2021-
=336  \\$atext$2rdacontent
=337  \\$acomputer$2rdamedia
=338  \\$aonline resource$2rdacarrier
=588  \\$aISSN description based on: volume 1 (January 2022) ; title from article pdf (published 23 December 2021) (Publisher's website, viewed Janury 12, 2022).
=538  \\$aMode of access: World Wide Web.
=540  \\$aCurrent copyright fee: GBP34.95$c16\0$5Uk
=856  40$uhttps://www.nature.com/natcardiovascres/
=856  4\$31850-9999$uhttp://www.nature.com/$xBLDSS
=945  \\$aNature Cardiovascular Research
=979  \\$aBritish Library$bDSC$j6046.280010N
=CAT  \\$a12654$b40$c20210628$lBLL01$h1225
=CAT  \\$a12654$b40$c20210628$lBLL01$h1241
=CAT  \\$aBATCH-UNOA$c20210629$lBLL01$h2249
=CAT  \\$aBLDSS-3PM$b00$c20210708$lBLL01$h0857
=CAT  \\$aBATCH-UPD$b00$c20210708$lBLL01$h0904
=CAT  \\$a5410$b40$c20210719$lBLL01$h0032
=CAT  \\$a10973$b40$c20220112$lBLL01$h0956
=CAT  \\$a10973$b40$c20220112$lBLL01$h0957
=CAT  \\$aBATCH-UPD$b40$c20221121$lBLL01$h1332
=CAT  \\$aIPL-CLA$c20221231$lBLL01$h1455
=CFI  0\$aCurrent copyright fee: GBP34.95$c16\0$e01-jan-2023$fGBP34.95$g0$hP$5Uk
=CFI  2\$aPrevious copyright fee: GBP24.00$c16\0$e28-jun-2021$fGBP24.00$g0$hP$5Uk
=EST  \\$a1
=FFP  \\$aY$bBLDSS-3PM
=FIN  \\$aY$d20220112
=TOC  \\$aETOC
=UNO  \\$aY
=LAS  \\$aIPL-CLA$b00$c20221231$lBLL01$h1455

