=LDR  01979cas a22005657i 4500
=001  020239582
=003  Uk
=005  20221231145522.0
=006  m\\\\\\\\d\\\\\\\\
=007  cr||||||||||||
=008  210628c20229999enkmr\p\o\\\\\0\\\a0eng\\
=FMT  \\$a  SE
=022  0\$a2731-0574$202
=040  \\$aUk$beng$cUk$erda
=042  \\$aissnuk
=082  04$a150$223
=210  0\$aNat. rev. psychol.
=222  \0$aNature reviews psychology
=245  00$aNature reviews psychology.
=264  \1$aLondon :$bNature Portfolio
=310  \\$aMonthly
=336  \\$atext$2rdacontent
=337  \\$acomputer$2rdamedia
=338  \\$aonline resource$2rdacarrier
=588  \\$aISSN description based on: volume 1, issue 1 (January 2022) ; title from journal homepage (Publisher's website, viewed March 3, 2022).
=538  \\$aMode of access: World Wide Web.
=540  \\$aCurrent copyright fee: GBP34.95$c16\0$5Uk
=856  4\$31850-9999$uhttp://www.nature.com/$xBLDSS
=856  40$uhttps://www.nature.com/nrpsychol/
=945  \\$aNature Reviews Psychology
=979  \\$aBritish Library$bDSC$j6247.236500N
=CAT  \\$a12654$b40$c20210628$lBLL01$h1231
=CAT  \\$a12654$b40$c20210628$lBLL01$h1241
=CAT  \\$aBATCH-UNOA$c20210629$lBLL01$h2249
=CAT  \\$a12654$b40$c20210705$lBLL01$h1208
=CAT  \\$a12654$b40$c20210705$lBLL01$h1210
=CAT  \\$aBLDSS-3PM$b00$c20210708$lBLL01$h0857
=CAT  \\$aBATCH-UPD$b00$c20210708$lBLL01$h0904
=CAT  \\$a5410$b40$c20210719$lBLL01$h2128
=CAT  \\$a10973$b40$c20220303$lBLL01$h0927
=CAT  \\$aBATCH-UPD$b40$c20221121$lBLL01$h1332
=CAT  \\$aIPL-CLA$c20221231$lBLL01$h1455
=CFI  0\$aCurrent copyright fee: GBP34.95$c16\0$e01-jan-2023$fGBP34.95$g0$hP$5Uk
=CFI  2\$aPrevious copyright fee: GBP24.00$c16\0$e28-jun-2021$fGBP24.00$g0$hP$5Uk
=EST  \\$a1
=FFP  \\$aY$bBLDSS-3PM
=FIN  \\$aY$d20220303
=TOC  \\$aETOC
=UNO  \\$aY
=LAS  \\$aIPL-CLA$b00$c20221231$lBLL01$h1455

