=LDR  02067cas a22005657i 4500
=001  020239585
=003  Uk
=005  20231003115430.0
=006  m\\\\\\\\d\\\\\\\\
=007  cr||||||||||||
=008  210628c20229999enk\x\p\o\\\\\0\\\a0eng\\
=FMT  \\$a  SE
=022  0\$a2731-0582$202
=040  \\$aUk$beng$cUk$erda
=042  \\$aissnuk
=082  04$a660.2995$223
=210  0\$aNat. synth.
=222  \0$aNature synthesis
=245  00$aNature synthesis.
=264  \1$aLondon :$bNature Portfolio,$c2022-
=336  \\$atext$2rdacontent
=337  \\$acomputer$2rdamedia
=338  \\$aonline resource$2rdacarrier
=588  \\$aISSN description based on: volume 1 (January 2022) ; title from article pdf (published 6 December 2021) (Publisher's website, viewed January 12, 2022).
=538  \\$aMode of access: World Wide Web.
=540  \\$aCurrent copyright fee: GBP34.95$c16\0$5Uk
=856  40$uhttps://www.nature.com/natsynth/
=856  4\$31850-9999$uhttp://www.nature.com/$xBLDSS
=945  \\$aNature Synthesis
=979  \\$aBritish Library$bDSC$j6047.460000N
=985  \\$aISSN UK Centre: ISSN completed at request of IC, only one article available when resource viewed 12.1.22.
=CAT  \\$a12654$b40$c20210628$lBLL01$h1240
=CAT  \\$aBATCH-UNOA$c20210629$lBLL01$h2249
=CAT  \\$aBLDSS-3PM$b00$c20210708$lBLL01$h0857
=CAT  \\$aBATCH-UPD$b00$c20210708$lBLL01$h0904
=CAT  \\$a5410$b40$c20210719$lBLL01$h0028
=CAT  \\$a10973$b40$c20220112$lBLL01$h0945
=CAT  \\$a10973$b40$c20220112$lBLL01$h0953
=CAT  \\$aBATCH-UPD$b40$c20221121$lBLL01$h1332
=CAT  \\$aIPL-CLA$c20221231$lBLL01$h1455
=CAT  \\$a8055$b40$c20231003$lBLL01$h1150
=CAT  \\$a8055$b40$c20231003$lBLL01$h1154
=CFI  0\$aCurrent copyright fee: GBP34.95$c16\0$e01-jan-2023$fGBP34.95$g0$hP$5Uk
=CFI  2\$aPrevious copyright fee: GBP24.00$c16\0$e28-jun-2021$fGBP24.00$g0$hP$5Uk
=EST  \\$a1
=FFP  \\$aY$bBLDSS-3PM
=FIN  \\$aY$d20220112
=TOC  \\$aETOC
=UNO  \\$aY
=LAS  \\$a8055$b40$c20231003$lBLL01$h1154

