=LDR  02312cas a22005897i 4500
=001  020547346
=003  Uk
=005  20230824094010.0
=006  m\\\\\\\\d\\\\\\\\
=007  cr\|||||||||||
=008  220406c201u9999ii\tr\j\s\\\\\0\\\a0eng\\
=FMT  \\$a  SE
=022  \\$a2949-8058
=040  \\$aUk$beng$cUk$erda
=082  04$a617.03$223
=222  \0$aIndian journal of physical medicine & rehabilitation$b(Online)
=245  00$aIndian journal of physical medicine & rehabilitation.
=264  \1$aNew Delhi :$bIndian Association of Physical Medicine & Rehabilitation,$c[2010?]-
=264  31$a[Mumbai?] :$bWolters Kluwer - Medknow
=336  \\$atext$2rdacontent
=337  \\$acomputer$2rdamedia
=338  \\$aonline resource$2rdacarrier
=538  \\$aMode of access: World Wide Web.
=540  \\$aCurrent copyright fee: GBP12.50$c111\0$5Uk
=776  08$iAlso issued in print as:$tIndian journal of physical medicine & rehabilitation$x0973-2209
=856  \\$31850-9999$uhttp://www.medknow.com/$xBLDSS
=856  40$uhttps://journals.lww.com/ijpmr/pages/default.aspx
=945  \\$aIndian Journal of Physical Medicine and Rehabilitation
=979  \\$aBritish Library$bDSC$j4419.648000N
=CAT  \\$a12654$b40$c20220406$lBLL01$h0749
=CAT  \\$aBLDSS-3PM$b00$c20220411$lBLL01$h1315
=CAT  \\$aBATCH-UPD$b00$c20220411$lBLL01$h1316
=CAT  \\$a5410$b40$c20220419$lBLL01$h1407
=CAT  \\$a5410$b40$c20220419$lBLL01$h1408
=CAT  \\$a5410$b40$c20220419$lBLL01$h1409
=CAT  \\$aBATCH-UPD$b40$c20220520$lBLL01$h1606
=CAT  \\$aIPL-CLA$c20220630$lBLL01$h1541
=CAT  \\$aBATCH-UPD$b00$c20220824$lBLL01$h0837
=CAT  \\$aIPL-CLA$c20220930$lBLL01$h1430
=CAT  \\$a8055$b40$c20230811$lBLL01$h1158
=CAT  \\$a10806$b40$c20230824$lBLL01$h0937
=CAT  \\$a10806$b40$c20230824$lBLL01$h0939
=CAT  \\$a10806$b40$c20230824$lBLL01$h0940
=CFI  0\$aCurrent copyright fee: GBP12.50$c111\0$e01-oct-2022$fGBP12.50$g0$hP$5Uk
=CFI  2\$aPrevious copyright fee: GBP12.00$c111\0$e01-jul-2022$fGBP12.00$g0$hP$5Uk
=EST  \\$a1
=FFP  \\$aY$bBLDSS-3PM
=FIN  \\$aY$d20230824
=MNI  \\$a0973-2209
=TOC  \\$aETOC
=ACF  \\$aPrevious copyright fee: GBP10.71$c111\0$e06-apr-2022$fGBP10.71$g0$hP$5Uk
=LAS  \\$a10806$b40$c20230824$lBLL01$h0940

