=LDR  02215cas a2200589 i 4500
=001  020547351
=003  Uk
=005  20230811124802.0
=006  m\\\\\\\\d\\\\\\\\
=007  cr\|||||||||||
=008  220406c20189999ii\tr\j\s\\\\\0\\\a0eng\\
=FMT  \\$a  SE
=022  \\$a2621-2064$l2621-2064
=040  \\$aUk$beng$cUk$erda
=082  04$a617.482044$223
=222  \0$aNeurologico Spinale Medico Chirurgico
=245  00$aNeurologico Spinale Medico Chirurgico.
=264  \1$a[Mumbai] :$bElsevier$c[2021]-
=264  31$a[Mumbai?] :$bWolters Kluwer - Medknow
=336  \\$atext$2rdacontent
=337  \\$acomputer$2rdamedia
=338  \\$aonline resource$2rdacarrier
=538  \\$aMode of access: World Wide Web.
=540  \\$aCurrent copyright fee: zero$c111\0$5Uk
=856  \\$31850-9999$uhttp://www.medknow.com/$xBLDSS
=856  40$uhttps://journals.lww.com/nsmc/pages/default.aspx
=945  \\$aNeurologico Spinale Medico Chirurgico
=979  \\$aBritish Library$bDSC$j6081.445900N
=CAT  \\$a12654$b40$c20220406$lBLL01$h0823
=CAT  \\$a12654$b40$c20220406$lBLL01$h0824
=CAT  \\$aBLDSS-3PM$b00$c20220411$lBLL01$h1315
=CAT  \\$aBATCH-UPD$b00$c20220411$lBLL01$h1316
=CAT  \\$a5410$b40$c20220419$lBLL01$h1425
=CAT  \\$aBATCH-UPD$b40$c20220520$lBLL01$h1606
=CAT  \\$aIPL-CLA$c20220630$lBLL01$h1541
=CAT  \\$aBATCH-UPD$b00$c20220824$lBLL01$h0837
=CAT  \\$aIPL-CLA$c20220930$lBLL01$h1430
=CAT  \\$a12654$b40$c20230117$lBLL01$h1312
=CAT  \\$a10806$b40$c20230118$lBLL01$h1541
=CAT  \\$a10806$b40$c20230118$lBLL01$h1545
=CAT  \\$a8055$b40$c20230120$lBLL01$h1529
=CAT  \\$aBATCH-FIX$c20230511$lBLL01$h1631
=CAT  \\$a8055$b40$c20230811$lBLL01$h1248
=CFI  0\$aCurrent copyright fee: zero$c111\0$e20-jan-2023$fGBP0.00$g0$hP$5Uk
=CFI  2\$aPrevious copyright fee: GBP12.50$c111\0$e01-oct-2022$fGBP12.50$g0$hP$5Uk
=EST  \\$a1
=FFP  \\$aY$bBLDSS-3PM
=FIN  \\$aY$d20230118
=TOC  \\$aETOC
=ACF  \\$aPrevious copyright fee: GBP12.00$c111\0$e01-jul-2022$fGBP12.00$g0$hP$5Uk
=ACF  \\$aPrevious copyright fee: GBP10.71$c111\0$e06-apr-2022$fGBP10.71$g0$hP$5Uk
=LAS  \\$a8055$b40$c20230811$lBLL01$h1248

