=LDR  03355cas a2200757 a 4500
=001  016865251
=003  Uk
=005  20170328091013.0
=008  050316c20049999gw\ar\p\o\\\\\0\\\b0ger\d
=FMT  \\$a  SE
=015  \\$a026918250$2dnb
=016  7\$a2173068-4$2DE-600
=022  0\$a1867-0318$y1867-030X$l1867-030X
=035  \\$a(OCoLC)ocn719926894
=040  \\$aLGG$cLGG$dOCLCQ$dNUI$dOCLCF$dUk
=041  0\$ager$aeng$agrc$aita$alat
=043  \\$amm-----$ae------
=050  14$aCB351$b.M585
=050  \4$aD117$b.M54x
=082  04$a909.0705$223
=130  0\$aMillennium (Berlin, Germany : Online)
=222  \0$aMillennium$b(Berlin. Internet)
=245  10$aMillennium$h[electronic resource] :$bJahrbuch zu Kultur und Geschichte des ersten Jahrtausends n. Chr. = Yearbook on the culture and history of the first millennium C.E.
=246  30$aJahrbuch zu Kultur und Geschichte des ersten Jahrtausends n. Chr.
=246  30$aYearbook on the culture and history of the first millennium C.E.
=260  \\$aBerlin ;$aNew York :$bW. de Gruyter,$cc2004-
=310  \\$aAnnual
=336  \\$atext$2rdacontent
=337  \\$acomputer$2rdamedia
=338  \\$aonline resource$2rdacarrier
=362  0\$a1 (2004)-
=546  \\$aChiefly in German, with some also in English, Greek, Italian, and Latin.
=588  \\$aLatest issue consulted: vol. 9, issue 1 (Nov. 2012) (De Gruyter Yearbooks, viewed Jan. 17, 2013).
=538  \\$aMode of access: World Wide Web.
=540  \\$aCurrent Copyright Fee: GBP27.00$c56\0$5Uk
=650  \0$aCivilization, Medieval$vPeriodicals.
=650  \0$aCivilization, Ancient$vPeriodicals.
=776  0\$tMillennium (Berlin. Print)$x1867-030X
=856  \\$31850-9999$uhttp://www.degruyter.com$xBLDSS
=856  40$uhttp://mclink.library.mcgill.ca/sfx?url_ver=Z39.88-2004&ctx_ver=Z39.88-2004&ctx_enc=info:ofi/enc:UTF-8&rfr_id=info:sid/sfxit.com:opac_856&url_ctx_fmt=info:ofi/fmt:kev:mtx:ctx&sfx.ignore_date_threshold=1&rft.object_id=1000000000694209&svc_val_fmt=info:ofi/fmt:kev:mtx:sch_svc&
=945  \\$aMillennium -Berlin-.
=979  \\$aBritish Library$bDSC$j5773.944680
=CAT  \\$a8201$b40$c20140910$lBLL01$h1606
=CAT  \\$aBATCH-CLA$b00$c20141128$lBLL01$h0928
=CAT  \\$aIPL-CLA$c20141231$lBLL01$h1705
=CAT  \\$a12654$b40$c20150416$lBLL01$h1214
=CAT  \\$a12654$b40$c20150416$lBLL01$h1218
=CAT  \\$aBLDSS-3PM$b00$c20150522$lBLL01$h1544
=CAT  \\$aWR15_124$c20150910$lBLL01$h1607
=CAT  \\$aWR14_185$c20160214$lBLL01$h1234
=CAT  \\$aWR14_185$c20160214$lBLL01$h1239
=CAT  \\$aBATCH-UPD$b00$c20160413$lBLL01$h1828
=CAT  \\$aBATCH-UPD$b00$c20160524$lBLL01$h2256
=CAT  \\$aBATCH-UPD$b00$c20160525$lBLL01$h0628
=CAT  \\$a5552$b40$c20170328$lBLL01$h0910
=CFI  0\$aCurrent copyright fee: GBP27.00$c56\0$e16-apr-2015$fGBP27.00$g0$hP$5Uk
=CFI  2\$aCurrent Copyright Fee: GBP12.30$c0$e01-jan-2015$fGBP12.30$g0$hC$5Uk
=EST  \\$a1
=FFP  \\$aY$bBLDSS-3PM
=FIN  \\$aY$d20140910
=LKR  \\$aPAR$b013298738$lBLL01$r776$mMillennium (Berlin. Internet)$nMillennium : Jahrbuch zu Kultur und Geschichte des ersten Jahrtausends n. Chr. = Yearbook on the culture and history of the first millennium C.E.
=MNI  \\$a1867-030X
=SID  \\$aZ39$bLOC
=TOC  \\$aETOC
=UNO  \\$aY
=LAS  \\$a5552$b40$c20170328$lBLL01$h0910

