=LDR  04920cas a2201129 a 4500
=001  015801784
=003  Uk
=005  20221231145055.0
=006  m\\\\\\\\d\\\\\\\\
=007  cr\cnu||||||||
=008  040123d20032007ii\qr\pss\\\\\0\\\a0eng\d
=FMT  \\$a  SE
=010  \\$a2005242049
=022  \\$a0976-3139$y0972-7671
=035  \\$a(OCoLC)54077314$z(OCoLC)626506424
=040  \\$aOUN$cOUN$dOCLCQ$dMYG$dOCL$dEYM$dBUF$dMUQ$dOCLCS
=042  \\$aukblsr
=050  14$aQA276.A1$bS255
=082  04$a519.505$222
=130  0\$aSankhyā (2003 : Online)
=222  \0$aSankhya : the Indian journal of statistics
=245  10$aSankhyā$h[electronic resource] :$bthe Indian journal of statistics.
=260  \\$aKolkata :$bIndian Statistical Institute,$c2003-[2007]
=310  \\$aQuarterly
=336  \\$atext$2rdacontent
=337  \\$acomputer$2rdamedia
=338  \\$aonline resource$2rdacarrier
=362  1\$aBegan with vol. 65, no. 1 (Feb. 2003).
=362  1\$aCeased with vol. 69, no. 4 (Nov. 2007).
=588  \\$aTitle from contents screen (Indian Statistical Institute website, viewed Apr. 12, 2005).
=588  \\$aLatest issue consulted: Vol. 66, no. 4 (Nov. 2004) (JSTOR, viewed Dec. 5, 2008).
=540  \\$aCurrent copyright fee: GBP29.95$c22\1$5Uk
=650  \0$aMathematical statistics$vPeriodicals.
=650  \0$aProbabilities$vPeriodicals.
=650  \0$aStatistics$vPeriodicals.
=710  2\$aIndian Statistical Institute.
=776  08$iAlso issued in print:$tSankhyā (2003)
=780  04$tSankhyā. Series A (Online)
=780  04$tSankhyā. Series B (Online)
=785  06$tSankhyā. Series A (2008 : Online)$x0976-8378
=785  06$tSankhyā. Series B (2008 : Online)$x0976-8394
=856  \\$31850-9999$uhttp://www.springer.com/gb/$xBLDSS
=856  40$uhttp://sankhya.isical.ac.in/index.html
=856  40$uhttp://www.jstor.org/journals/09727671.html
=945  \\$aSankhya -Kolkata-
=979  \\$aBritish Library$bDSC$j8075.001500
=CAT  \\$a12500$b40$c20110506$lBLL01$h1648
=CAT  \\$aIPL-CLA$c20140630$lBLL01$h1752
=CAT  \\$aBLDSS-3PM$b00$c20150103$lBLL01$h1048
=CAT  \\$aBATCH-UPD$b00$c20150219$lBLL01$h1745
=CAT  \\$aIPL-CLA$c20150331$lBLL01$h1714
=CAT  \\$aBATCH-UPD$b00$c20150520$lBLL01$h1752
=CAT  \\$aIPL-CLA$c20150630$lBLL01$h1714
=CAT  \\$aBATCH-UPD$b00$c20150820$lBLL01$h1839
=CAT  \\$aIPL-CLA$c20150930$lBLL01$h1841
=CAT  \\$aBATCH-UPD$b00$c20160217$lBLL01$h1730
=CAT  \\$aIPL-CLA$c20160331$lBLL01$h1804
=CAT  \\$aBATCH-UPD$b00$c20160524$lBLL01$h2214
=CAT  \\$aBATCH-UPD$b00$c20160525$lBLL01$h0053
=CAT  \\$aBATCH-UPD$b00$c20160824$lBLL01$h1756
=CAT  \\$aIPL-CLA$c20160930$lBLL01$h1633
=CAT  \\$aBATCH-UPD$b00$c20170216$lBLL01$h1845
=CAT  \\$a5552$b40$c20170222$lBLL01$h1524
=CAT  \\$aIPL-CLA$c20170331$lBLL01$h1910
=CAT  \\$aBATCH-UPD$b00$c20170904$lBLL01$h1854
=CAT  \\$aIPL-CLA$c20170929$lBLL01$h1756
=CAT  \\$aBATCH-UPD$b00$c20180223$lBLL01$h1726
=CAT  \\$aIPL-CLA$c20180331$lBLL01$h1654
=CAT  \\$aBATCH-UPD$b00$c20180524$lBLL01$h1715
=CAT  \\$aIPL-CLA$c20180630$lBLL01$h1933
=CAT  \\$aBATCH-UPD$b00$c20221121$lBLL01$h1405
=CAT  \\$aIPL-CLA$c20221231$lBLL01$h1450
=CFI  0\$aCurrent copyright fee: GBP29.95$c22\1$e01-jan-2023$fGBP29.95$g0$hP$5Uk
=CFI  2\$aPrevious copyright fee: GBP34.00$c22\1$e01-jul-2018$fGBP34.00$g0$hP$5Uk
=EST  \\$a1
=FFP  \\$aY$bBLDSS-3PM
=FIN  \\$aY$d20110518
=MNI  \\$a0972-7671
=SID  \\$aZ39$bOCLC
=TCO  \\$aXXX$c008
=TOC  \\$aETOC
=UNO  \\$aY
=ACF  \\$aPrevious copyright fee: GBP22.00$c22\3$e06-may-2011$fGBP22.00$g0$hP$5Uk
=ACF  \\$aPrevious copyright fee: GBP22.00$c22\3$e12-aug-2012$fGBP22.00$g0$hP$5Uk
=ACF  \\$aPrevious copyright fee: GBP25.00$c22\3$e01-jan-2013$fGBP25.00$g0$hP$5Uk
=ACF  \\$aPrevious copyright fee: GBP25.77$c22\3$e01-jul-2013$fGBP25.77$g0$hP$5Uk
=ACF  \\$aPrevious copyright fee: GBP24.97$c22\3$e01-jan-2014$fGBP24.97$g0$hP$5Uk
=ACF  \\$aPrevious copyright fee: GBP24.21$c22\3$e01-jul-2014$fGBP24.21$g0$hP$5Uk
=ACF  \\$aPrevious copyright fee: GBP25.77$c22\3$e01-apr-2015$fGBP25.77$g0$hP$5Uk
=ACF  \\$aPrevious copyright fee: GBP26.63$c22\3$e01-jul-2015$fGBP26.63$g0$hP$5Uk
=ACF  \\$aPrevious copyright fee: GBP25.77$c22\3$e01-oct-2015$fGBP25.77$g0$hP$5Uk
=ACF  \\$aPrevious copyright fee: GBP27.55$c22\3$e01-apr-2016$fGBP27.55$g0$hP$5Uk
=ACF  \\$aPrevious copyright fee: GBP29.59$c22\3$e01-oct-2016$fGBP29.59$g0$hP$5Uk
=ACF  \\$aPrevious copyright fee: GBP31.96$c22\3$e01-apr-2017$fGBP31.96$g0$hP$5Uk
=ACF  \\$aPrevious copyright fee: GBP30.73$c22\3$e01-oct-2017$fGBP30.73$g0$hP$5Uk
=ACF  \\$aPrevious copyright fee: GBP28.54$c22\3$e01-apr-2018$fGBP28.54$g0$hP$5Uk
=LAS  \\$aIPL-CLA$b00$c20221231$lBLL01$h1450

