=LDR  02986cas a2200805 i 4500
=001  020947512
=003  Uk
=005  20230505123003.0
=006  m\\\\\o\\d\\\\\\\\
=007  cr\|||||||||||
=008  220323c20229999ne\mr\joo\\\\\0\\\a0eng\\
=FMT  \\$a  SE
=010  \\$a  2023228221
=016  7\$a9918383886206676$2DNLM
=022  \\$a2772-9508
=035  \\$a(OCoLC)1316519306$z(OCoLC)1317371629$z(OCoLC)1339314555
=040  \\$aQ2U$beng$cQ2U$dOH1$dOCL$dOCLCQ$dNLM$dUk$erda$epn
=042  \\$aukblsr
=050  04$aQP517.B56
=060  00$aW1
=082  04$a610.28$223
=210  0\$aBiomater. adv.$b(Online)
=222  \0$aBiomaterials advances$b(Online)
=245  00$aBiomaterials advances.
=264  \1$a[Amsterdam] :$bElsevier B.V.,$c[2022]-
=300  \\$a1 online resource
=310  \\$aMonthly
=336  \\$atext$2rdacontent
=337  \\$acomputer$2rdamedia
=338  \\$aonline resource$2rdacarrier
=362  0\$aVolume 133 (February 2022)-
=540  \\$aCurrent copyright fee: GBP34.30$c5\1$5Uk
=595  \\$aContinues DSC 5396.430280
=588  \\$aDescription based on: Volume 133 (February 2022); title from journal homepage (ScienceDirect, viewed February 8, 2023).
=588  \\$aLatest issue consulted: Volume 147 (April 2023) (viewed February 8, 2023).
=650  \0$aBiomimetics$vPeriodicals.
=650  \0$aBiomedical materials$vPeriodicals.
=650  \0$aNanotechnology$vPeriodicals.
=650  \0$aMaterials science$vPeriodicals.
=650  \7$aBiomedical materials.$2fast$0(OCoLC)fst00832586
=650  \7$aBiomimetics.$2fast$0(OCoLC)fst00832620
=650  \7$aMaterials science.$2fast$0(OCoLC)fst01011957
=650  \7$aNanotechnology.$2fast$0(OCoLC)fst01032639
=650  12$aBiocompatible Materials
=650  22$aBiomimetic Materials
=650  22$aNanotechnology
=655  \7$aPeriodicals.$2fast$0(OCoLC)fst01411641
=655  \2$aPeriodical
=776  08$iAlso issued in print as:$tBiomaterials advances$x2772-9516
=780  00$tMaterials science & engineering. C, Biomimetic materials, sensors and systems (Online)$x1873-0191
=856  \\$31850-9999$uhttp://www.sciencedirect.com/$xBLDSS
=856  40$uhttps://www.sciencedirect.com/journal/biomaterials-advances
=945  \\$aBiomaterials Advances
=979  \\$aBritish Library$bDSC$j2087.714900N
=CAT  \\$a12654$b40$c20230206$lBLL01$h0926
=CAT  \\$aBLDSS-3PM$b00$c20230213$lBLL01$h1337
=CAT  \\$aBATCH-UPD$b00$c20230213$lBLL01$h1339
=CAT  \\$a10983$b40$c20230216$lBLL01$h0823
=CAT  \\$a5410$b40$c20230220$lBLL01$h1117
=CAT  \\$a5410$b40$c20230223$lBLL01$h1042
=CAT  \\$a10806$b40$c20230505$lBLL01$h1229
=CAT  \\$a10806$b40$c20230505$lBLL01$h1230
=CFI  0\$aCurrent copyright fee: GBP34.30$c5\1$e06-feb-2023$fGBP34.30$g0$hP$5Uk
=EST  \\$a1
=FFP  \\$aY$bBLDSS-3PM
=FIN  \\$aY$d20230505
=MNI  \\$a2772-9516
=SID  \\$aZ39$bOCLC
=TOC  \\$aETOC
=LAS  \\$a10806$b40$c20230505$lBLL01$h1230

